<collection xmlns="http://www.loc.gov/MARC21/slim">
<record>
  <leader>01480nam0a22002411i 450 </leader>
  <controlfield tag="001">IT\ICCU\CNCE\068103</controlfield>
  <controlfield tag="005">20091202000000.0</controlfield>
  <datafield tag="012" ind1=" " ind2=" ">
    <subfield code="a">titi rara zaza PoEl (C) 1540 (Q)</subfield>
    <subfield code="2">fei</subfield>
  </datafield>
  <datafield tag="100" ind1=" " ind2=" ">
    <subfield code="a">20060921f1540        0itac0103    ba</subfield>
  </datafield>
  <datafield tag="101" ind1=" " ind2=" ">
    <subfield code="a">ITA</subfield>
  </datafield>
  <datafield tag="102" ind1=" " ind2=" ">
    <subfield code="a">IT</subfield>
  </datafield>
  <datafield tag="200" ind1="1" ind2=" ">
    <subfield code="a">Libro chiamato el Troiano in rima historiato: el qual tratta la destruttion de Troia fatta per li Greci: &amp; come per tal destruttion fu edificata Roma: Padoa: e Verona: &amp; molte altre cittate in Italia: &amp; tratta le battaglie che furono fatte in Italia per Enea: &amp; come ando e torno da linferno: con molte altre e diuerse historie: &amp; nozze le quale furono de verita: come molti auttori descriueno</subfield>
  </datafield>
  <datafield tag="205" ind1=" " ind2=" ">
    <subfield code="a">Nouamente corretto</subfield>
  </datafield>
  <datafield tag="210" ind1=" " ind2=" ">
    <subfield code="d">\1540?!</subfield>
  </datafield>
  <datafield tag="215" ind1=" " ind2=" ">
    <subfield code="a">\108! c.</subfield>
    <subfield code="c">ill.</subfield>
    <subfield code="d">4ʻ</subfield>
  </datafield>
  <datafield tag="300" ind1=" " ind2=" ">
    <subfield code="a">Opera attribuita ad Angelo Giovanni Franci e a Jacopo di Carlo, cfr. G. Melzi, Dizionario di opere anonime e pseudonime di scrittori italiani o come che sia aventi relazione all&apos;Italia, v.3, p. 177. - Stampata probabilmente a Venezia. Per il luogo e la data cfr.: M. Sander, Le livre  ̉figures italien depuis 1467 jusqu&apos; ̉1530, n. 7382/2</subfield>
  </datafield>
  <datafield tag="620" ind1=" " ind2=" ">
    <subfield code="a">IT</subfield>
    <subfield code="d">Venezia</subfield>
  </datafield>
  <datafield tag="702" ind1=" " ind2="1">
    <subfield code="a">Franci,</subfield>
    <subfield code="b">Angelo Giovanni</subfield>
    <subfield code="3">IT\ICCU\CNCA\028575</subfield>
  </datafield>
  <datafield tag="702" ind1=" " ind2="0">
    <subfield code="a">Jacopo</subfield>
    <subfield code="c"> : di#Carlo</subfield>
    <subfield code="3">IT\ICCU\CNCA\029265</subfield>
  </datafield>
  <datafield tag="712" ind1="0" ind2="2">
    <subfield code="a">s.n.</subfield>
    <subfield code="3">IT\ICCU\CNCT\000002</subfield>
    <subfield code="4">650</subfield>
  </datafield>
  <datafield tag="801" ind1=" " ind2="3">
    <subfield code="a">IT</subfield>
    <subfield code="b">ICCU</subfield>
    <subfield code="c">20201115</subfield>
  </datafield>
  <datafield tag="899" ind1=" " ind2=" ">
    <subfield code="a">Biblioteca nazionale Braidense. Milano</subfield>
    <subfield code="1">MI0185</subfield>
    <subfield code="2">MIL NB</subfield>
  </datafield>
  <datafield tag="899" ind1=" " ind2=" ">
    <subfield code="a">Biblioteche della Fondazione Giorgio Cini onlus. Venezia</subfield>
    <subfield code="1">VE0239</subfield>
    <subfield code="2">VEA FC</subfield>
  </datafield>
</record>
</collection>
